@article{Akseer2015,
  title={Achieving maternal and child health gains in Afghanistan: a case study in resilience},
  author={Akseer, Nadia and Salehi, Ahmad S and Hossain, SM Moazzem and Taufiq, M and Haque, Rashed and Mashal, M Taufiq and Bhutta, Zulfiqar A},
  journal={The Lancet Global Health},
  volume={4},
  number={6},
  pages={395--413},
  year={2015},
  publisher={Elsevier}
}

@article{Belloni2012,
  title={Sparse models and methods for optimal instruments with an application to eminent domain},
  author={Belloni, Alexandre and Chen, Daniel and Chernozhukov, Victor and Hansen, Christian},
  journal={Econometrica},
  volume={80},
  number={6},
  pages={2369--2429},
  year={2012},
  publisher={Wiley Online Library}
}

@article{Bloom2004,
  title={The effect of health on economic growth: a production function approach},
  author={Bloom, David E and Canning, David and Sevilla, Jaypee},
  journal={World Development},
  volume={32},
  number={1},
  pages={1--13},
  year={2004},
  publisher={Elsevier}
}

@article{Caldwell1979,
  title={Education as a factor in mortality decline: An examination of Nigerian data},
  author={Caldwell, John C},
  journal={Population Studies},
  volume={33},
  number={3},
  pages={395--413},
  year={1979},
  publisher={Taylor \& Francis}
}

@article{Cleland1988,
  title={Maternal education and child survival in developing countries: The search for pathways of influence},
  author={Cleland, John G and Van Ginneken, Jerome K},
  journal={Social Science \& Medicine},
  volume={27},
  number={12},
  pages={1357--1368},
  year={1988},
  publisher={Elsevier}
}

@article{Gakidou2010,
  title={Increased educational attainment and its effect on child mortality in 175 countries between 1970 and 2009: a systematic analysis},
  author={Gakidou, Emmanuela and Cowling, Krycia and Lozano, Rafael and Murray, Christopher JL},
  journal={The Lancet},
  volume={376},
  number={9745},
  pages={959--974},
  year={2010},
  publisher={Elsevier}
}

@article{Gamper2012,
  title={Does having children extend life span? A genealogical study of parity and longevity in the Amish},
  author={Gamper, Vanessa and Willeit, Peter and Hulsmann, Stephanie and Seyfang, Leopold and Fuchs, Sylvia and Schoefer, Stefan and Zentner, Herbert and Jungwirth, Susanne and Gisinger, Christoph and Emmert, Maximilian and others},
  journal={Proceedings of the National Academy of Sciences},
  volume={109},
  number={5},
  pages={1471--1476},
  year={2012},
  publisher={National Acad Sciences}
}

@article{Hobcraft1984,
  title={Socio-economic factors in infant and child mortality: A cross-national comparison},
  author={Hobcraft, John N and McDonald, John W and Rutstein, Shea O},
  journal={Population Studies},
  volume={38},
  number={2},
  pages={193--223},
  year={1984},
  publisher={Taylor \& Francis}
}

@article{Lassi2014,
  title={Essential interventions for child health},
  author={Lassi, Zohra S and Mallick, Dania and Das, Jai K and Mal, Leena and Salam, Rehana A and Bhutta, Zulfiqar A},
  journal={Reproductive Health},
  volume={11},
  number={1},
  pages={1--18},
  year={2014},
  publisher={BioMed Central}
}

@article{Lewis2012,
  title={E-health in low-and middle-income countries: findings from the Center for Health Market Innovations},
  author={Lewis, Trevor and Synowiec, Christina and Lagomarsino, Gina and Schweitzer, Julian},
  journal={Bulletin of the World Health Organization},
  volume={90},
  pages={332--340},
  year={2012},
  publisher={World Health Organization}
}

@article{Lund2014,
  title={Mobile phones improve antenatal care attendance in Zanzibar: a cluster randomized controlled trial},
  author={Lund, Stine and Nielsen, Birgitte B and Hemed, Maryam and Boas, Ida M and Said, Azzah and Said, Khadija and Makungu, Mkoko H and Rasch, Vibeke},
  journal={BMC Pregnancy and Childbirth},
  volume={14},
  number={1},
  pages={1--10},
  year={2014},
  publisher={BioMed Central}
}

@article{Mehl2018,
  title={Digital health vision: could MomConnect provide a pragmatic starting point for achieving universal health coverage in South Africa and elsewhere?},
  author={Mehl, Garrett and Tamrat, Tigest and Bhardwaj, Smisha and Blaschke, Sean and Labrique, Alain},
  journal={BMJ Global Health},
  volume={3},
  number={Suppl 2},
  pages={e000626},
  year={2018},
  publisher={BMJ Publishing Group}
}

@article{Mosley1984,
  title={An analytical framework for the study of child survival in developing countries},
  author={Mosley, W Henry and Chen, Lincoln C},
  journal={Population and Development Review},
  volume={10},
  number={Supplement},
  pages={25--45},
  year={1984},
  publisher={JSTOR}
}

@article{Piette2012,
  title={Impacts of e-health on the outcomes of care in low-and middle-income countries: where do we go from here?},
  author={Piette, John D and Lun, KC and Moura Jr, Lincoln A and Fraser, Hamish SF and Mechael, Patricia N and Powell, John and Khoja, Shariq R},
  journal={Bulletin of the World Health Organization},
  volume={90},
  pages={365--372},
  year={2012},
  publisher={World Health Organization}
}

@article{Reidpath2003,
  title={Infant mortality rate as an indicator of population health},
  author={Reidpath, Daniel D and Allotey, Pascale},
  journal={Journal of Epidemiology \& Community Health},
  volume={57},
  number={5},
  pages={344--346},
  year={2003},
  publisher={BMJ Publishing Group}
}

@article{Singh2014,
  title={The importance of quality maternal healthcare services in reducing maternal and infant mortality},
  author={Singh, Abhishek and Pallikadavath, Saseendran and Ram, Faujdar and Alagarajan, Manoj},
  journal={Journal of Health Management},
  volume={16},
  number={2},
  pages={161--178},
  year={2014},
  publisher={SAGE Publications Sage India: New Delhi, India}
}

@article{Sondaal2016,
  title={Assessing the effect of mHealth interventions in improving maternal and neonatal care in low-and middle-income countries: a systematic review},
  author={Sondaal, Stephanie FV and Browne, Joyce L and Amoakoh-Coleman, Mary and Borgstein, Alexander and Miltenburg, Andrea Solnes and Verwijs, Mirjam and Klipstein-Grobusch, Kerstin},
  journal={PloS One},
  volume={11},
  number={5},
  pages={e0154664},
  year={2016},
  publisher={Public Library of Science San Francisco, CA USA}
}

@article{Wamala2007,
  title={Bridging the digital divide: a literature review on Africa and information and communication technologies for development},
  author={Wamala, Caroline},
  journal={International Journal of Information and Communication Technology Research},
  volume={1},
  number={1},
  pages={1--5},
  year={2007},
  publisher={IJICT Research}
}
@misc{WorldBank2021,
  title = {Mortality rate, infant (per 1,000 live births)},
  author = {{World Bank}},
  year = {2021},
  howpublished = {\url{https://data.worldbank.org/indicator/SP.DYN.IMRT.IN}},
  note = {Accessed: 2023-05-06}
}

@article{Rutstein2000,
  title={Factors associated with trends in infant and child mortality in developing countries during the 1990s},
  author={Rutstein, Shea O},
  journal={Bulletin of the World Health Organization},
  volume={78},
  pages={1256--1270},
  year={2000},
  publisher={World Health Organization}
}

@article{DuttaBergman2004,
  title={Health information on the Internet: Patient empowerment or patient deceit?},
  author={Dutta-Bergman, Mohan J},
  journal={American Behavioral Scientist},
  volume={48},
  number={2},
  pages={152--162},
  year={2004},
  publisher={Sage Publications Sage CA: Thousand Oaks, CA}
}

@article{Blaya2010,
  title={E-health technologies show promise in developing countries},
  author={Blaya, Joaquin A and Fraser, Hamish SF and Holt, Brian},
  journal={Health Affairs},
  volume={29},
  number={2},
  pages={244--251},
  year={2010},
  publisher={Project HOPE-The People-to-People Health Foundation, Inc.}
}

@article{Lio2011,
  title={Can the Internet reduce corruption? A cross-country study based on dynamic panel data models},
  author={Lio, Mon-Chi and Liu, Meng-Chun and Ou, Yi-Pey},
  journal={Government Information Quarterly},
  volume={28},
  number={1},
  pages={47--53},
  year={2011},
  publisher={Elsevier}
}

@article{Shehata2016,
  title={The effect of ICT on health outcome inequalities across countries},
  author={Shehata, Asmaa Mohamed Fathy},
  journal={African Journal of Economic and Sustainable Development},
  volume={5},
  number={1},
  pages={1--20},
  year={2016},
  publisher={Inderscience Publishers Ltd}
}

@article{ChenLei2018,
  title={The impact of Internet use on health outcomes of rural residents: Evidence from household survey data in China},
  author={Chen, Lihong and Lei, Xiaoyan},
  journal={China Agricultural Economic Review},
  volume={10},
  number={2},
  pages={261--275},
  year={2018},
  publisher={Emerald Publishing Limited}
}

@article{Menon2016,
  title={The effect of 3G expansion on infant mortality in India},
  author={Menon, Nidhiya},
  journal={Applied Economics Letters},
  volume={23},
  number={18},
  pages={1334--1337},
  year={2016},
  publisher={Taylor \& Francis}
}

@article{HasbiDubus2020,
  title={Determinants of mobile phone penetration: Panel threshold evidence from Sub-Saharan Africa},
  author={Hasbi, Maude and Dubus, Antoine},
  journal={Telecommunications Policy},
  volume={44},
  number={1},
  pages={101803},
  year={2020},
  publisher={Elsevier}
}

@misc{MinistryICT2019,
  title={National Information, Communications and Technology (ICT) Policy},
  author={{Ministry of Information, Communications and Technology, Kenya}},
  year={2019},
  howpublished={\url{https://www.ict.go.ke/wp-content/uploads/2019/12/NATIONAL-ICT-POLICY-2019.pdf}},
  note={Accessed: 2023-05-06}
}